% seed refs
@book{slotine1991applied,
  title={Applied Nonlinear Control},
  author={Slotine, J.-J. E. and Li, W.},
  year={1991},
  publisher={Prentice Hall}
}

@book{lynch2017modern,
  title={Modern Robotics: Mechanics, Planning, and Control},
  author={Lynch, K. M. and Park, F. C.},
  year={2017},
  publisher={Cambridge University Press}
}
